@Misc{Oliver2015,
  author = {Mary Oliver and Krista Tippett},
  publisher = {The On Being Project},
  title = {{M}ary {O}liver: “{I} got saved by the beauty of the world.”},
  url = {https://onbeing.org/programs/mary-oliver-i-got-saved-by-the-beauty-of-the-world/},
  year = {2015},
}
